<?xml version="1.0" encoding="UTF-8"?>
<record>
  <leader>01650cas a2200445   4500</leader>
  <controlfield tag="008">820203c19529999iluar m  y    0uuu 0eng d</controlfield>
  <controlfield tag="001">991009808919703811</controlfield>
  <datafield tag="010" ind1=" " ind2=" ">
    <subfield code="a">52042704</subfield>
  </datafield>
  <datafield tag="022" ind1="0" ind2=" ">
    <subfield code="a">0084-6333</subfield>
  </datafield>
  <datafield tag="035" ind1=" " ind2=" ">
    <subfield code="a">(PPT)b12003943-01tuli_inst</subfield>
  </datafield>
  <datafield tag="035" ind1=" " ind2=" ">
    <subfield code="a">ocn471121592</subfield>
    <subfield code="9">ExL</subfield>
  </datafield>
  <datafield tag="035" ind1=" " ind2=" ">
    <subfield code="a">PATG82-S00015</subfield>
  </datafield>
  <datafield tag="040" ind1=" " ind2=" ">
    <subfield code="a">MUL</subfield>
    <subfield code="c">MUL</subfield>
    <subfield code="d">NIC</subfield>
    <subfield code="d">DLC</subfield>
    <subfield code="d">NSDP</subfield>
    <subfield code="d">OCL</subfield>
    <subfield code="d">PPT</subfield>
  </datafield>
  <datafield tag="042" ind1=" " ind2=" ">
    <subfield code="a">lc</subfield>
    <subfield code="a">nsdp</subfield>
  </datafield>
  <datafield tag="043" ind1=" " ind2=" ">
    <subfield code="a">n-us---</subfield>
  </datafield>
  <datafield tag="079" ind1=" " ind2=" ">
    <subfield code="a">ocm01479732</subfield>
  </datafield>
  <datafield tag="090" ind1=" " ind2=" ">
    <subfield code="a">T61.A56</subfield>
  </datafield>
  <datafield tag="110" ind1="2" ind2=" ">
    <subfield code="a">American Council on Industrial Arts Teacher Education.</subfield>
  </datafield>
  <datafield tag="222" ind1=" " ind2="0">
    <subfield code="a">Yearbook - American Council on Industrial Arts Teacher Education</subfield>
  </datafield>
  <datafield tag="245" ind1="1" ind2="0">
    <subfield code="a">Yearbook - American Council on Industrial Arts Teacher Education.</subfield>
  </datafield>
  <datafield tag="246" ind1="1" ind2="2">
    <subfield code="a">Technology and society :</subfield>
    <subfield code="b">interfaces with industrial arts</subfield>
    <subfield code="f">1980</subfield>
  </datafield>
  <datafield tag="260" ind1=" " ind2=" ">
    <subfield code="a">[Bloomington, Ill., etc.,]</subfield>
    <subfield code="b">[McKnight Pub. Co., etc.]</subfield>
  </datafield>
  <datafield tag="265" ind1=" " ind2=" ">
    <subfield code="a">McKnight Pub. Co., Bloomington, IL 61701</subfield>
  </datafield>
  <datafield tag="300" ind1=" " ind2=" ">
    <subfield code="a">v.</subfield>
    <subfield code="c">24 cm.</subfield>
  </datafield>
  <datafield tag="362" ind1="0" ind2=" ">
    <subfield code="a">1st-   1952-</subfield>
  </datafield>
  <datafield tag="500" ind1=" " ind2=" ">
    <subfield code="a">Each vol. has also a distinctive title.</subfield>
  </datafield>
  <datafield tag="504" ind1=" " ind2=" ">
    <subfield code="a">Includes bibliographical references.</subfield>
  </datafield>
  <datafield tag="530" ind1=" " ind2=" ">
    <subfield code="a">Available in microform from Xerox University Microfilms.</subfield>
  </datafield>
  <datafield tag="650" ind1=" " ind2="0">
    <subfield code="a">Technical education</subfield>
    <subfield code="z">United States</subfield>
    <subfield code="x">Yearbooks.</subfield>
  </datafield>
  <datafield tag="650" ind1=" " ind2="0">
    <subfield code="a">Teachers</subfield>
    <subfield code="x">Training of</subfield>
    <subfield code="z">United States</subfield>
    <subfield code="x">Yearbooks.</subfield>
  </datafield>
  <datafield tag="650" ind1=" " ind2="0">
    <subfield code="a">Industrial arts</subfield>
    <subfield code="x">Study and teaching</subfield>
    <subfield code="x">Yearbooks.</subfield>
  </datafield>
  <datafield tag="907" ind1=" " ind2=" ">
    <subfield code="a">.b12003943</subfield>
    <subfield code="b">k    </subfield>
    <subfield code="c">-</subfield>
  </datafield>
  <datafield tag="902" ind1=" " ind2=" ">
    <subfield code="a">170523</subfield>
  </datafield>
  <datafield tag="998" ind1=" " ind2=" ">
    <subfield code="b">1</subfield>
    <subfield code="c">990101</subfield>
    <subfield code="d">s</subfield>
    <subfield code="e">a</subfield>
    <subfield code="f">-</subfield>
    <subfield code="g">0</subfield>
  </datafield>
  <datafield tag="935" ind1=" " ind2=" ">
    <subfield code="a">00214783</subfield>
  </datafield>
  <datafield tag="950" ind1=" " ind2=" ">
    <subfield code="l">P</subfield>
    <subfield code="v">29th</subfield>
    <subfield code="y">1980</subfield>
    <subfield code="n">#9</subfield>
    <subfield code="f">use yr. cov.</subfield>
    <subfield code="i">02/04/82 C</subfield>
  </datafield>
  <datafield tag="955" ind1=" " ind2=" ">
    <subfield code="l">P</subfield>
    <subfield code="c">v.29, 1980</subfield>
    <subfield code="r">1243096</subfield>
    <subfield code="h">02/03/82 C</subfield>
  </datafield>
  <datafield tag="998" ind1=" " ind2=" ">
    <subfield code="a">02/04/82</subfield>
    <subfield code="t">c</subfield>
    <subfield code="s">9110</subfield>
    <subfield code="n">PPT</subfield>
    <subfield code="w">PATG82S15</subfield>
    <subfield code="d">02/03/82</subfield>
    <subfield code="b">RW</subfield>
    <subfield code="i">820204</subfield>
    <subfield code="l">PATG</subfield>
  </datafield>
  <datafield tag="945" ind1=" " ind2=" ">
    <subfield code="l">kstk </subfield>
    <subfield code="u">v.1980</subfield>
    <subfield code="g">1</subfield>
  </datafield>
  <datafield tag="945" ind1=" " ind2=" ">
    <subfield code="l">kstk </subfield>
    <subfield code="u">v.1981</subfield>
    <subfield code="g">1</subfield>
  </datafield>
  <datafield tag="945" ind1=" " ind2=" ">
    <subfield code="l">kstk </subfield>
    <subfield code="u">v.1966</subfield>
    <subfield code="g">1</subfield>
  </datafield>
  <datafield tag="945" ind1=" " ind2=" ">
    <subfield code="l">kstk </subfield>
    <subfield code="u">v.1967</subfield>
    <subfield code="g">1</subfield>
  </datafield>
  <datafield tag="HLD" ind1="0" ind2=" ">
    <subfield code="b">KARDON</subfield>
    <subfield code="c">p_remote</subfield>
    <subfield code="h">T61.A56</subfield>
    <subfield code="x">RETENTION: -</subfield>
    <subfield code="8">22319516510003811</subfield>
  </datafield>
  <datafield tag="ITM" ind1=" " ind2=" ">
    <subfield code="r">22319516510003811</subfield>
    <subfield code="b">1</subfield>
    <subfield code="h">0</subfield>
    <subfield code="g">p_remote</subfield>
    <subfield code="9">39074003997285</subfield>
    <subfield code="e">p_remote</subfield>
    <subfield code="8">23319516470003811</subfield>
    <subfield code="c">1966</subfield>
    <subfield code="a">0</subfield>
    <subfield code="q">2017-06-20 12:38:09</subfield>
    <subfield code="i">T61.A56</subfield>
    <subfield code="d">KARDON</subfield>
    <subfield code="f">KARDON</subfield>
  </datafield>
  <datafield tag="ITM" ind1=" " ind2=" ">
    <subfield code="r">22319516510003811</subfield>
    <subfield code="b">1</subfield>
    <subfield code="h">0</subfield>
    <subfield code="g">p_remote</subfield>
    <subfield code="9">39074003997384</subfield>
    <subfield code="e">p_remote</subfield>
    <subfield code="8">23319516480003811</subfield>
    <subfield code="c">1967</subfield>
    <subfield code="a">0</subfield>
    <subfield code="q">2017-06-20 12:38:09</subfield>
    <subfield code="i">T61.A56</subfield>
    <subfield code="d">KARDON</subfield>
    <subfield code="f">KARDON</subfield>
  </datafield>
  <datafield tag="ITM" ind1=" " ind2=" ">
    <subfield code="r">22319516510003811</subfield>
    <subfield code="b">1</subfield>
    <subfield code="h">0</subfield>
    <subfield code="g">p_remote</subfield>
    <subfield code="9">39074021197744</subfield>
    <subfield code="e">p_remote</subfield>
    <subfield code="8">23319516490003811</subfield>
    <subfield code="c">1981</subfield>
    <subfield code="a">0</subfield>
    <subfield code="q">2017-06-20 12:38:09</subfield>
    <subfield code="i">T61.A56</subfield>
    <subfield code="d">KARDON</subfield>
    <subfield code="f">KARDON</subfield>
  </datafield>
  <datafield tag="ITM" ind1=" " ind2=" ">
    <subfield code="r">22319516510003811</subfield>
    <subfield code="b">1</subfield>
    <subfield code="h">0</subfield>
    <subfield code="g">p_remote</subfield>
    <subfield code="9">39074021197736</subfield>
    <subfield code="e">p_remote</subfield>
    <subfield code="8">23319516500003811</subfield>
    <subfield code="c">1980</subfield>
    <subfield code="a">0</subfield>
    <subfield code="q">2017-06-20 12:38:09</subfield>
    <subfield code="i">T61.A56</subfield>
    <subfield code="d">KARDON</subfield>
    <subfield code="f">KARDON</subfield>
  </datafield>
</record>
